  
@article{toh2009business,
  title={A business and ICT architecture for a logistics city},
  author={Toh, KTK and Nagel, Pieter and Oakden, Roger},
  journal={International Journal of Production Economics},
  volume={122},
  number={1},
  pages={216--228},
  year={2009},
  publisher={Elsevier}
}

@article{baets1992aligning,
  title={Aligning information systems with business strategy},
  author={Baets, Walter},
  journal={The Journal of Strategic Information Systems},
  volume={1},
  number={4},
  pages={205--213},
  year={1992},
  publisher={Elsevier}
}

@inproceedings{levas1995panel,
  title={Panel discussion on the role of modeling and simulation in business process reengineering},
  author={Levas, Anthony and Jain, Pramod and Boyd, Stowe and Tulskie, WA},
  booktitle={Winter Simulation Conference Proceedings, 1995.},
  pages={1341--1346},
  year={1995},
  organization={IEEE}
}
@online{university2021ofsydney2,
  author = {TheUniversityofSydney},
  title = {BUSS1020: Quantitative Business Analysis},
  year = 2021,
  url = {https://www.sydney.edu.au/units/BUSS1020},
  urldate = {2020-09-30}
}
@online{university2021ofsydney1,
  author = {TheUniversityofSydney},
  title = {BUSS1000: Future of Business},
  year = 2021,
  url = {https://www.sydney.edu.au/units/BUSS1000},
  urldate = {2020-09-30}
}

@online{university2021ofsydney3,
  author = {TheUniversityofSydney},
  title = {BADP1001: Empirical Thinking},
  year = 2021,
  url = {https://www.sydney.edu.au/units/BADP1001},
  urldate = {2020-09-30}
  
}
@online{university2021ofsydney4,
  author = {TheUniversityofSydney},
  title = {BADP2001: Algorithmic Architecture},
  year = 2021,
  url = {https://www.sydney.edu.au/units/BADP2001},
  urldate = {2020-09-30}
    
}
@online{allen2020tucker,
  author = {Allen Tucker},
  title = {Computer science},
  year = 2020,
  url = {https://www.britannica.com/science/computer-science}
}
@online{techtarget2017contributor,
  author = {TechTarget Contributor},
  title = {Empirical analysis},
  year = 2017,
  url = {https://whatis.techtarget.com/definition/empirical-analysis},
  urldate = {2017-09-30}
  
}
@online{eike2005send,
  author = {Eike Send},
  title = {Empiricism in Computer Science},
  year = 2005,
  url = {http://www.inf.fu-berlin.de/inst/ag-se/teaching/S-Komponenten-2005/SendE05-Empirical.pdf},
  urldate = {2005-09-30}
}
@article{DBLP:journals/ijcomsys/QiuXGZ18,
  author    = {Andrew R.CHOW},
  title     = {'There's a Wide-Open Horizon of Possibility.' Musicians Are Using AI to Create Otherwise Impossible New Songs},
  journal   = {https://time.com/5774723/ai-music/},
  volume    = {31},
  number    = {10},
  year      = {2020},
  url       = {https://time.com/5774723/ai-music/},
  doi       = {10.1002/dac.3568},
  timestamp = {Thu, 30 Jul 2020 14:26:20 +0200},
  publisher = {Time}
}

@online{university2021ofsydney5,
  author = {TheUniversityofSydney},
  title = {CMPN1013 Creative Music Technology},
  year = 2021,
  url = {https://www.sydney.edu.au/units/CMPN1013},
  urldate = {2020-09-30}
}

@online{university2021ofsydney6,
  author = {TheUniversityofSydney},
  title = {CMPN1014 Sound Recording Fundamentals},
  year = 2021,
  url = {https://www.sydney.edu.au/units/CMPN1014},
  urldate = {2020-09-30}
}


@online{university2021ofsydney9,
  author = {Ralph J. Smith},
  title = {Engineering science},
  year = 1999,
  url = {https://www.britannica.com/technology/engineering},
  urldate = {1997-09-30}
}

@online{university2021ofsydney10,
  author = {The University of Edinburgh},
  title = {WHAT IS INFORMATICS?},
  year = 2008,
  url = {https://www.ed.ac.uk/files/atoms/files/what20is20informatics.pdf},
  urldate = {2008-09-30}
}

@online{university2021Indiana10,
  author = {Indiana University},
  title = {What is Informatics?},
  year = 2021,
  url = {https://soic.iupui.edu/what-is-informatics/},
  urldate = {2020-09-30}
}

@online{university2021ofsydney11,
  author = {Rainbow Blvd},
  title = {Information Systems and Informatics},
  year = 2008,
  url = {https://www.kumc.edu/school-of-health-professions/health-information-management},
  urldate = {2008-09-30}
}
